% Encoding: UTF-8


@misc{
  wikipedia:vitruvianman,
  author = "{Wikipedia contributors}",
  title = "Vitruvian Man --- {Wikipedia}{,} The Free Encyclopedia",
  year = "2021",
  url = "https://en.wikipedia.org/w/index.php?title=Vitruvian_Man&oldid=1023112478",
  note = "[Online; accessed 5-June-2021]"
  }

@inbook{
  dick-2007,
  editor    = {Dick, Steven J. and Launius, Roger D.},
	booktitle = {Societal impact of spaceflight},
	author    = {Vedda, James A.},
	title     = {The Role of Space Development in Globalization},
	location  = {Washington, {DC}},
	isbn      = {978-0-16-080190-7},
	series    = {{NASA}-{SP}},
	pages     = {193-205},
	number    = {4801},
	publisher = {National Aeronautics and Space Administration, Office of External Relations},
	date      = {2007},
}

